@book{ciudad,
	title={La Ciudad Cristiana},
	author={Rubén Calderón Bouchet},
	year={1998},
	publisher={Ciudad Argentina},
	address={Buenos Aires}
}
@book{alexiadaV,
	title={La Alexiada},
	author={Ana Comnena},
	translator={Emilio Díaz Ronaldo},
	year={2016},
	volume={V},
	pages={209-240},
	publisher={Ático de los libros},
	address={Barcelona}
}
@book{alexiadaVI,
	title={La Alexiada},
	author={Ana Comnena},
	translator={Emilio Díaz Ronaldo},
	year={2016},
	volume={VI},
	pages={249-253},
	publisher={Ático de los libros},
	address={Barcelona}
}
@book{alexiadaX,
	title={La Alexiada},
	author={Ana Comnena},
	translator={Emilio Díaz Ronaldo},
	year={2016},
	volume={X},
	pages={373-391},
	publisher={Ático de los libros},
	address={Barcelona}
}
@book{alexiadaXV,
	title={La Alexiada},
	author={Ana Comnena},
	translator={Emilio Díaz Ronaldo},
	year={2016},
	volume={XV},
	pages={604-610},
	publisher={Ático de los libros},
	address={Barcelona}
}
@incollection{intro,
	title={Introducción},
	author={Emilio Díaz Rolando},
	year={2016},
	volume={},
	pages={19-50},
	publisher={Ático de los libros},
	address={Barcelona}
}
@book{filosofia,
	title={Filosofía Bizantina},
	%title={Los Siglos XI y XII},
	author={Basilio Tatakis},
	%booktitle={Filosofía Bizantina},
	year={1952},
	volume={Los Siglos XI y XII},
	pages={139-212},
	publisher={Sudamericana},
	address={Buenos Aires}
}
@book{venecia,
	title={Venecia: Ciudad de fortuna, auge y caída del imperio naval veneciano},
	author={Roger Crowley},
	year={2016},
	publisher={Ático de los libros},
	address={Barcelona},
	pages={39-40}
}
@book{platon,
	title={La teoría platónica de las ideas en Bizancio},
	author={Alberto del campo Echevarría},
	year={2009},
	publisher={}
}
@article{cultura,
	title={Ana Comneno en el panorama de la cultura bizantina},
	author={José María Riveros},
	year={2004},
	journal={Byzantion Nea Hellás},
	volume={23}
}
